<?xml version="1.0" encoding="UTF-8"?>
<collection>
   <record>
      <leader>02281cam a2200505Ma 4500</leader>
      <controlfield tag="001">9915505552307426</controlfield>
      <controlfield tag="005">20221102093602.0</controlfield>
      <controlfield tag="008">920620s1894    enkaef        001 0 eng d</controlfield>
      <datafield tag="016" ind1="7" ind2=" ">
         <subfield code="a">CAT10507244</subfield>
         <subfield code="2">DNAL</subfield>
      </datafield>
      <datafield tag="019" ind1=" " ind2=" ">
         <subfield code="a">8199915</subfield>
         <subfield code="a">315665038</subfield>
      </datafield>
      <datafield tag="035" ind1=" " ind2=" ">
         <subfield code="a">398101</subfield>
      </datafield>
      <datafield tag="035" ind1=" " ind2=" ">
         <subfield code="a">(OCoLC)228740690</subfield>
         <subfield code="z">(OCoLC)8199915</subfield>
         <subfield code="z">(OCoLC)315665038</subfield>
      </datafield>
      <datafield tag="035" ind1=" " ind2=" ">
         <subfield code="a">(DNAL)398101-naldb-Voyager</subfield>
      </datafield>
      <datafield tag="035" ind1=" " ind2=" ">
         <subfield code="z">(OCoLC)8199915</subfield>
         <subfield code="z">(OCoLC)315665038</subfield>
      </datafield>
      <datafield tag="040" ind1=" " ind2=" ">
         <subfield code="a">HUV</subfield>
         <subfield code="b">eng</subfield>
         <subfield code="e">dcrb</subfield>
         <subfield code="c">HUV</subfield>
         <subfield code="d">PLF</subfield>
         <subfield code="d">AGL</subfield>
         <subfield code="d">ZAP</subfield>
         <subfield code="d">OCLCF</subfield>
         <subfield code="d">OCLCO</subfield>
         <subfield code="d">OCLCQ</subfield>
         <subfield code="d">OCLCO</subfield>
         <subfield code="d">OCLCQ</subfield>
         <subfield code="d">OCLCO</subfield>
         <subfield code="d">OCL</subfield>
         <subfield code="d">OCLCO</subfield>
         <subfield code="d">OCLCQ</subfield>
         <subfield code="d">OCL</subfield>
         <subfield code="d">OCLCQ</subfield>
         <subfield code="d">OCLCO</subfield>
      </datafield>
      <datafield tag="049" ind1=" " ind2=" ">
         <subfield code="a">RQIA</subfield>
      </datafield>
      <datafield tag="050" ind1="1" ind2="0">
         <subfield code="a">SF285</subfield>
         <subfield code="b">.A69 1894</subfield>
      </datafield>
      <datafield tag="070" ind1="0" ind2=" ">
         <subfield code="a">42</subfield>
         <subfield code="b">Ar5H</subfield>
      </datafield>
      <datafield tag="072" ind1=" " ind2=" ">
         <subfield code="a">L100</subfield>
      </datafield>
      <datafield tag="072" ind1=" " ind2=" ">
         <subfield code="a">L830</subfield>
      </datafield>
      <datafield tag="100" ind1="1" ind2=" ">
         <subfield code="a">Armatage, George.</subfield>
      </datafield>
      <datafield tag="245" ind1="1" ind2="4">
         <subfield code="a">The horse :</subfield>
         <subfield code="b">its varieties and management in health and disease /</subfield>
         <subfield code="c">by George Armatage, M.R.C.V.S. formerly lecturer in the Albert and Glasgow Veterinary Colleges author of "The horse doctor," "The cattle doctor," etc. With full-page and other illustrations.</subfield>
      </datafield>
      <datafield tag="250" ind1=" " ind2=" ">
         <subfield code="a">Revised and enlarged.</subfield>
      </datafield>
      <datafield tag="260" ind1=" " ind2=" ">
         <subfield code="a">London :</subfield>
         <subfield code="b">Frederick Warne and Co. and New York,</subfield>
         <subfield code="c">1894.</subfield>
      </datafield>
      <datafield tag="300" ind1=" " ind2=" ">
         <subfield code="a">XIV, [2], 272 p., [16] leaves of plates :</subfield>
         <subfield code="b">ill., plans ;</subfield>
         <subfield code="c">19 cm.</subfield>
      </datafield>
      <datafield tag="336" ind1=" " ind2=" ">
         <subfield code="a">text</subfield>
         <subfield code="b">txt</subfield>
         <subfield code="2">rdacontent</subfield>
      </datafield>
      <datafield tag="337" ind1=" " ind2=" ">
         <subfield code="a">unmediated</subfield>
         <subfield code="b">n</subfield>
         <subfield code="2">rdamedia</subfield>
      </datafield>
      <datafield tag="338" ind1=" " ind2=" ">
         <subfield code="a">volume</subfield>
         <subfield code="b">nc</subfield>
         <subfield code="2">rdacarrier</subfield>
      </datafield>
      <datafield tag="591" ind1=" " ind2=" ">
         <subfield code="b">NAL Reclamation</subfield>
      </datafield>
      <datafield tag="650" ind1=" " ind2="0">
         <subfield code="a">Horses.</subfield>
         <subfield code="0">http://id.loc.gov/authorities/subjects/sh85062160</subfield>
      </datafield>
      <datafield tag="650" ind1=" " ind2="0">
         <subfield code="a">Horses</subfield>
         <subfield code="x">Diseases</subfield>
         <subfield code="x">Treatment.</subfield>
      </datafield>
      <datafield tag="650" ind1=" " ind2="0">
         <subfield code="a">Veterinary medicine.</subfield>
         <subfield code="0">http://id.loc.gov/authorities/subjects/sh85143046</subfield>
      </datafield>
      <datafield tag="650" ind1=" " ind2="0">
         <subfield code="a">Horsemanship.</subfield>
         <subfield code="0">http://id.loc.gov/authorities/subjects/sh85062144</subfield>
      </datafield>
      <datafield tag="650" ind1=" " ind2="0">
         <subfield code="a">Horse breeds.</subfield>
         <subfield code="0">http://id.loc.gov/authorities/subjects/sh85062096</subfield>
      </datafield>
      <datafield tag="655" ind1=" " ind2="7">
         <subfield code="a">Armorial bookplates (Provenance)</subfield>
         <subfield code="5">CSmH.</subfield>
         <subfield code="2">rbprov</subfield>
      </datafield>
      <datafield tag="700" ind1="1" ind2=" ">
         <subfield code="a">Lasker, Cynthia,</subfield>
         <subfield code="e">donor.</subfield>
      </datafield>
      <datafield tag="710" ind1="2" ind2=" ">
         <subfield code="a">Ballantyne, Hanson and Co.,</subfield>
         <subfield code="e">printer.</subfield>
         <subfield code="0">http://id.loc.gov/authorities/names/nr2002044379</subfield>
      </datafield>
      <datafield tag="710" ind1="2" ind2=" ">
         <subfield code="a">Frederick Warne (Firm),</subfield>
         <subfield code="e">publisher.</subfield>
         <subfield code="0">http://id.loc.gov/authorities/names/n87820664</subfield>
      </datafield>
      <datafield tag="752" ind1=" " ind2=" ">
         <subfield code="a">England</subfield>
         <subfield code="d">London.</subfield>
      </datafield>
      <datafield tag="752" ind1=" " ind2=" ">
         <subfield code="a">United States</subfield>
         <subfield code="b">New York</subfield>
         <subfield code="d">New York.</subfield>
      </datafield>
      <datafield tag="776" ind1="0" ind2="8">
         <subfield code="i">Online version:</subfield>
         <subfield code="a">Armatage, George.</subfield>
         <subfield code="t">Horse.</subfield>
         <subfield code="b">Rev. and enl.</subfield>
         <subfield code="d">London, Warne, 1894</subfield>
         <subfield code="w">(OCoLC)613209420</subfield>
      </datafield>
      <datafield tag="912" ind1=" " ind2=" ">
         <subfield code="a">nalcatalog</subfield>
      </datafield>
      <datafield tag="930" ind1=" " ind2=" ">
         <subfield code="a">00000000</subfield>
         <subfield code="b">00000000</subfield>
         <subfield code="c">00000000</subfield>
      </datafield>
      <datafield tag="946" ind1=" " ind2=" ">
         <subfield code="a">Non-US</subfield>
      </datafield>
      <datafield tag="994" ind1=" " ind2=" ">
         <subfield code="a">92</subfield>
         <subfield code="b">AGL</subfield>
      </datafield>
   </record>
</collection>
